@misc{zhidao:Video,
	author = {{{zhidao}}},
	title = {{{How to calculate size of video}}},
	URL = {https://zhidao.baidu.com/question/175382499941116684.html},
	year = {2019}
}
@misc{blog:DVP,
	author = {{{zqh2007}}},
	title = {{{DVP sensor}}},
	URL = {https://blog.csdn.net/zqh2007/article/details/41675189},
	year = {2019}
}
@misc{:LVDS,
	author = {{{LinuxArmbiggod}}},
	title = {{{LVDS}}},
	URL = {https://blog.csdn.net/LinuxArmbiggod/article/details/83863479},
	year = {2019}
}
@misc{blog:MIPICSI2,
	author = {{{zhang_danf}}},
	title = {{{MIPI}}},
	URL = {https://blog.csdn.net/zhang_danf/article/details/78705133},
	year = {2019}
}
@misc{Lattice:CrossLink,
	author = {{{Lattice}}},
	title = {{{CrossLink: Video Bridging & Processing Optimized}}},
	URL = {http://www.latticesemi.com/zh-CN/Products/FPGAandCPLD/CrossLink.aspx},
	year = {2019}
}
@misc{toshiba:InterfaceBridge,
	author = {{{toshiba}}},
	title = {{{TC358746AXBG}}},
	URL = {https://toshiba-semicon-storage.com/cn/product/assp/interface-bridge/camera-interface.html},
	year = {2019}
}
@misc{ipcore:SoCTech,
	author = {{{soctechnologies}}},
	title = {{{MPEG Video CODEC IP Cores}}},
	URL = {https://www.soctechnologies.com/ip-cores},
	year = {2019}
}
@misc{ipcore:A2ETech,
	author = {{{a2etechnologies}}},
	title = {{{VIDEO COMPRESSION FPGA CORES}}},
	URL = {http://www.a2etechnologies.com/products_overview.html},
	year = {2019}
}
@misc{huawei:Hi3559,
	author = {{{u010299133}}},
	title = {{{Hi3559V100}}},
	URL = {https://blog.csdn.net/u010299133/article/details/89471231},
	year = {2019}
}
@misc{omni:OV798,
	author = {{{OmniVision}}},
	title = {{{OV798}}},
	URL = {https://www.ovt.com/sensors/ov798},
	year = {2019}
}
@misc{ambarella:H22,
	author = {{{Ambarella}}},
	title = {{{H22 Video SoC for Consumer Applications}}},
	URL = {https://3vpstm1hc6e52739x31131p2-wpengine.netdna-ssl.com/wp-content/uploads/H22-Product-Brief.pdf},
	year = {2019}
}
@misc{ti:TMS320C6678,
	author = {{{Texas Instruments}}},
	title = {{{TMS320C6678}}},
	URL = {http://www.ti.com/cn/lit/gpn/tms320c6678?_ticdt=MTU2NTcyMDUyNHwwMTZiOTJkZGM1YjkwMDE5M2ZlYjFiNGVkOGRhMDMwNjkwMDQzMDYxMDBiZDA},
	year = {2019}
}
@misc{nv:JetsonNano,
	author = {{{nVidia}}},
	title = {{{Jetson Nano}}},
	URL = {https://developer.nvidia.com/embedded/jetson-nano-developer-kit},
	year = {2019}
}
