@misc{wiki:sdcard,
	author = {{{Wikipedia}}},
	title = {{{SD card}}},
	URL = {https://en.wikipedia.org/wiki/SD_card},
	year = {2019}
}

@misc{wiki:USB,
	author = {{{Wikipedia}}},
	title = {{{USB}}},
	URL = {https://en.wikipedia.org/wiki/USB},
	year = {2019}
}

@misc{amphenol:ruggedusb,
	author = {{{Amphenol}}},
	title = {{{Rugged USB - Rugged Connectors Amphenol Socapex}}},
	URL = {https://www.amphenol-socapex.com/en/products/connectors/rugged-ethernet-usb/rugged-usb},
	year = {2019}
}

@misc{toradex:flash,
	author = {{{Toradex}}},
	title = {{{What you should know about Flash storage}}},
	URL = {https://www.toradex.com/blog/what-you-should-know-about-flash-storage},
	year = {2017}
}

@misc{kingston:emmc,
	author = {{{Kingston Technology}}},
	title = {{{eMMC Component - Embedded Multi-Media Controller for device manufacturers}}},
	URL = {https://www.kingston.com/us/embedded/emmc-embedded-flash},
	year = {2019}
}

@misc{datalight:emmc,
	author = {{{Datalight}}},
	title = {{{What is eMMC?}}},
	URL = {https://www.datalight.com/solutions/technologies/emmc/what-is-emmc},
	year = {2019}
}

@misc{wiki:pata,
	author = {{{Wikipedia}}},
	title = {{{Parallel ATA}}},
	URL = {https://en.wikipedia.org/wiki/Parallel_ATA},
	year = {2019}
}

@misc{wiki:compactflash,
	author = {{{Wikipedia}}},
	title = {{{CompactFlash}}},
	URL = {https://en.wikipedia.org/wiki/CompactFlash},
	year = {2019}
}

@misc{wiki:sata,
	author = {{{Wikipedia}}},
	title = {{{Serial ATA}}},
	URL = {https://en.wikipedia.org/wiki/Serial_ATA},
	year = {2019}
}
