@misc{wiki:RTOS,
	author = {{{Wikipedia}}},
	title = {{{Real-time operating system}}},
	URL = {https://en.wikipedia.org/wiki/Real-time_operating_system},
	year = {2019}
}
@misc{offical:Arduino,
	author = {{{Arduino}}},
	title = {{{Arduino}}},
	URL = {https://www.arduino.cc/en/Guide/Introduction},
	year = {2019}
}
@misc{offical:STM32,
	author = {{{STMicroelectronics}}},
	title = {{{STM32 32-bit Arm Cortex MCUs}}},
	URL = {https://www.st.com/en/microcontrollers-microprocessors/stm32-32-bit-arm-cortex-mcus.html},
	year = {2019}
}
@misc{offical:Beagles,
	author = {{{beagleboard}}},
	title = {{{BeagleBone Black}}},
	URL = {http://beagleboard.org/black},
	year = {2019}
}
@misc{wiki:FPGA,
	author = {{{Wikipedia}}},
	title = {{{Field Programmable Gate Array}}},
	URL = {https://en.wikipedia.org/wiki/Field-programmable_gate_array},
	year = {}
}
@misc{blog:socFPGA,
	author = {{{aliyan}}},
	title = {{{SoC FPGA}}},
	URL = {https://www.eefocus.com/aliyan/blog/18-06/429516_36b28.html},
	year = {2019}
}
