@misc{blog:I2C,
	author = {{{aaronRong}}},
	title = {{{I2C}}},
	URL = {https://www.cnblogs.com/aaronLinux/p/6218660.html},
	year = {2019}
}

@misc{blog:SPI,
	author = {{{Deng Tao}}},
	title = {{{SPI}}},
	URL = {https://www.cnblogs.com/deng-tao/p/6004280.html},
	year = {2019}
}

@misc{blog:UART,
	author = {{{zjy900507}}},
	title = {{{UART}}},
	URL = {https://blog.csdn.net/zjy900507/article/details/79789671},
	year = {2019}
}

@misc{canbus:CAN,
	author = {{{CANbus}}},
	title = {{{CAN}}},
	URL = {https://www.canbus.us/},
	year = {2019}
}

@misc{MR:PCIe,
	author = {{{Margaret Rouse}}},
	title = {{{Peripheral Component Interconnect Express}}},
	URL = {https://searchdatacenter.techtarget.com/definition/PCI-Expressd},
	year = {2019}
}

@misc{RapidIO:RapidIO,
	author = {{{RapidIO.org}}},
	title = {{{RapidIO}}},
	URL = {http://www.rapidio.org/#},
	year = {2019}
}

@misc{ESA:SpaceWire,
	author = {{{ESA}}},
	title = {{{SpaceWire - Key Features}}},
	URL = {http://spacewire.esa.int/content/Home/KeyFeatures.php},
	year = {2017}
}

@misc{ESA:SpaceFibre,
	author = {{{ESA}}},
	title = {{{SpaceFibre / Onboard Data Processing / Space Engineering \& Technology / Our Activities / ESA}}},
	URL = {http://spacewire.esa.int/content/Home/KeyFeatures.php},
	year = {2019}
}

@misc{blog:Interlaken,
	author = {{{honeypot}}},
	title = {{{Interlaken}}},
	URL = {http://blog.sina.com.cn/s/blog_43c625f101017otd.html},
	year = {2019}
}

@misc{blog:Ethernet,
	author = {{{qq\_5072517}}},
	title = {{{Ethernet}}},
	URL = {https://blog.csdn.net/qq_25072517/article/details/78478968},
	year = {2019}
}

